@misc{DrugBank,
title = {The DrugBank database is a online database containing information on drugs and drug targets},
year = {2018 (accessed May 1, 2018)}, 
howpublished = "\url{https://www.drugbank.ca/}"
}

@misc{PubMedWord2Vec,
title = {Word2Vec database based on PubMed},
author = {Biomedical natural language processing},
year = {2013 (accessed May 5, 2018)}, 
howpublished = "\url{http://bio.nlplab.org/}"
}

@misc{PubMedDatabase,
title = {PubMed comprises more than 28 million citations for biomedical literature from MEDLINE, life science journals, and online books.},
author = {US National Library of Medicine},
howpublished = "\url{https://www.ncbi.nlm.nih.gov/pubmed/}"
}

@article{liu_tang_chen_wang_fan_2015, title={Feature Engineering for Drug Name Recognition in Biomedical Texts: Feature Conjunction and Feature Selection}, volume={2015}, url={https://www.hindawi.com/journals/cmmm/2015/913489/}, DOI={10.1155/2015/913489}, journal={Computational and Mathematical Methods in Medicine}, author={Liu, Shengyu and Tang, Buzhou and Chen, Qingcai and Wang, Xiaolong and Fan, Xiaoming}, year={2015}}

@article{kim_liu_yeganova_wilbur_2015, title={Extracting drug–drug interactions from literature using a rich feature-based linear kernel approach}, volume={55}, DOI={10.1016/j.jbi.2015.03.002}, journal={Journal of Biomedical Informatics}, author={Kim, Sun and Liu, Haibin and Yeganova, Lana and Wilbur, W. John}, year={2015}, pages={23–30}}

@article{ratinov_roth_2009, title={Design challenges and misconceptions in named entity recognition}, url={http://www.aclweb.org/anthology/W09-1119}, DOI={10.3115/1596374.1596399}, journal={Proceedings of the Thirteenth Conference on Computational Natural Language Learning - CoNLL 09}, author={Ratinov, Lev and Roth, Dan}, year={2009}}

@article{liu_tang_chen_wang_2015, title={Drug Name Recognition: Approaches and Resources}, volume={6}, url={https://www.hindawi.com/journals/cmmm/2015/913489/}, DOI={10.3390/info6040790}, number={4}, journal={Information}, author={Liu, Shengyu and Tang, Buzhou and Chen, Qingcai and Wang, Xiaolong}, year={2015}, pages={790–810}}


